@inproceedings{amar2004,
  title={A knowledge task-based framework for design and evaluation of information visualizations},
  author={Amar, Robert and Stasko, John},
  booktitle={Information Visualization, 2004. INFOVIS 2004. IEEE Symposium on},
  pages={143--150},
  year={2004},
  organization={IEEE}
}

@inproceedings{shneiderman1996eyes,
  title={The eyes have it: A task by data type taxonomy for information visualizations},
  author={Shneiderman, Ben},
  booktitle={Visual Languages, 1996. Proceedings., IEEE Symposium on},
  pages={336--343},
  year={1996},
  organization={IEEE}
}

@inproceedings{amar2005low,
  title={Low-level components of analytic activity in information visualization},
  author={Amar, Robert and Eagan, James and Stasko, John},
  booktitle={Information Visualization, 2005. INFOVIS 2005. IEEE Symposium on},
  pages={111--117},
  year={2005},
  organization={IEEE}
}

@inproceedings{chi2000taxonomy,
  title={A taxonomy of visualization techniques using the data state reference model},
  author={Chi, Ed H},
  booktitle={Information Visualization, 2000. InfoVis 2000. IEEE Symposium on},
  pages={69--75},
  year={2000},
  organization={IEEE}
}

@article{moere2011role,
  title={On the role of design in information visualization},
  author={Moere, Andrew Vande and Purchase, Helen},
  journal={Information Visualization},
  volume={10},
  number={4},
  pages={356--371},
  year={2011},
  publisher={SAGE Publications}
}

@inproceedings{bateman2010useful,
  title={Useful junk?: the effects of visual embellishment on comprehension and memorability of charts},
  author={Bateman, Scott and Mandryk, Regan L and Gutwin, Carl and Genest, Aaron and McDine, David and Brooks, Christopher},
  booktitle={Proceedings of the SIGCHI Conference on Human Factors in Computing Systems},
  pages={2573--2582},
  year={2010},
  organization={ACM}
}

@book{tufte1990envinf,
 author = {Tufte, Edward},
 title = {Envisioning Information},
 year = {1990},
 isbn = {0-9613921-1-8},
 publisher = {Graphics Press},
 address = {Cheshire, CT, USA},
} 

@article{borkin2016beyond,
  title={Beyond Memorability: Visualization Recognition and Recall},
  author={Borkin, Michelle A and Bylinskii, Zoya and Kim, Nam Wook and Bainbridge, Constance May and Yeh, Chelsea S and Borkin, Daniel and Pfister, Hanspeter and Oliva, Aude},
  journal={Visualization and Computer Graphics, IEEE Transactions on},
  volume={22},
  number={1},
  pages={519--528},
  year={2016},
  publisher={IEEE}
}

@article{segel2010narrative,
  title={Narrative visualization: Telling stories with data},
  author={Segel, Edward and Heer, Jeffrey},
  journal={Visualization and Computer Graphics, IEEE Transactions on},
  volume={16},
  number={6},
  pages={1139--1148},
  year={2010},
  publisher={IEEE}
}

@article{boy2015can,
  title={Can Initial Narrative VisualizationTechniques and Storytelling help Engage Online-Users with Exploratory Information Visualizations?},
  author={Boy, Jeremy and Detienne, Fran{\c{c}}oise and Fekete, Jean-Daniel},
  year={2015}
}

@article{hullman2011visualization,
  title={Visualization rhetoric: Framing effects in narrative visualization},
  author={Hullman, Jessica and Diakopoulos, Nicholas},
  journal={Visualization and Computer Graphics, IEEE Transactions on},
  volume={17},
  number={12},
  pages={2231--2240},
  year={2011},
  publisher={IEEE}
}

@article{gershon2001storytelling,
  title={What storytelling can do for information visualization},
  author={Gershon, Nahum and Page, Ward},
  journal={Communications of the ACM},
  volume={44},
  number={8},
  pages={31--37},
  year={2001},
  publisher={ACM}
}

@article{bertini2011quality,
  title={Quality metrics in high-dimensional data visualization: An overview and systematization},
  author={Bertini, Enrico and Tatu, Andrada and Keim, Daniel},
  journal={Visualization and Computer Graphics, IEEE Transactions on},
  volume={17},
  number={12},
  pages={2203--2212},
  year={2011},
  publisher={IEEE}
}

@book{card1999readings,
  title={Readings in information visualization: using vision to think},
  author={Card, Stuart K and Mackinlay, Jock D and Shneiderman, Ben},
  year={1999},
  publisher={Morgan Kaufmann}
}

@inproceedings{north2009visualization,
  title={The visualization pipeline is broken},
  author={North, Chris and Endert, Alex and Andrews, Christopher and Fink, Glenn},
  booktitle={Proceedings of the 2009 IEEE Information Visualization Conference (IEEE InfoVis)},
  year={2009}
}

@book{herman2011basic,
  title={Basic elements of narrative},
  author={Herman, David},
  year={2011},
  publisher={John Wiley \& Sons}
}

@book{blundell1988art,
  title={The art and craft of feature writing: Based on the Wall Street Journal Guide},
  author={Blundell, William E},
  year={1988},
  publisher={Plume}
}

@inproceedings{hullman2013contextifier,
  title={Contextifier: Automatic generation of annotated stock visualizations},
  author={Hullman, Jessica and Diakopoulos, Nicholas and Adar, Eytan},
  booktitle={Proceedings of the SIGCHI Conference on Human Factors in Computing Systems},
  pages={2707--2716},
  year={2013},
  organization={ACM}
}

@article{lee2015more,
  title={More than Telling a Story: A Closer Look at the Process of Transforming Data into Visually Shared Stories},
  author={Bongshin Lee, Nathalie Henry Riche, Petra Isenberg, Sheelagh Carpendale},
  journal={Computer Graphics and Applications, IEEE},
  volume={35},
  number={5},
  pages={84--90},
  year={2015},
  publisher={IEEE}
}

@article{eccles2008stories,
  title={Stories in geotime},
  author={Eccles, Ryan and Kapler, Thomas and Harper, Robert and Wright, William},
  journal={Information Visualization},
  volume={7},
  number={1},
  pages={3--17},
  year={2008},
  publisher={SAGE Publications}
}

@article{ma2012scientific,
  title={Scientific storytelling using visualization},
  author={Ma, Kwan-Liu and Liao, Isaac and Frazier, Jennifer and Hauser, Helwig and Kostis, H-N},
  journal={Computer Graphics and Applications, IEEE},
  volume={32},
  number={1},
  pages={12--19},
  year={2012},
  publisher={IEEE}
}

@article{hullman2013deeper,
  title={A deeper understanding of sequence in narrative visualization},
  author={Hullman, Jessica and Drucker, Steven and Riche, Nathalie Henry and Lee, Bongshin and Fisher, Daniel and Adar, Eytan},
  journal={Visualization and Computer Graphics, IEEE Transactions on},
  volume={19},
  number={12},
  pages={2406--2415},
  year={2013},
  publisher={IEEE}
}

@article{kosara2013storytelling,
  title={Storytelling: The next step for visualization},
  author={Kosara, Robert and Mackinlay, Jock},
  journal={Computer},
  number={5},
  pages={44--50},
  year={2013},
  publisher={IEEE}
}

@article{borkin2013makes,
  title={What makes a visualization memorable?},
  author={Borkin, Michelle A and Vo, Azalea A and Bylinskii, Zoya and Isola, Phillip and Sunkavalli, Shashank and Oliva, Alfonso and Pfister, Hanspeter},
  journal={Visualization and Computer Graphics, IEEE Transactions on},
  volume={19},
  number={12},
  pages={2306--2315},
  year={2013},
  publisher={IEEE}
}

@inproceedings{diakopoulos2011playable,
  title={Playable data: characterizing the design space of game-y infographics},
  author={Diakopoulos, Nicholas and Kivran-Swaine, Funda and Naaman, Mor},
  booktitle={Proceedings of the SIGCHI Conference on Human Factors in Computing Systems},
  pages={1717--1726},
  year={2011},
  organization={ACM}
}

@inproceedings{yousuf2014constructing,
  title={Constructing Narrative Visualizations as a Means of Increasing Learner Engagement.},
  author={Yousuf, Bilal and Conlan, Owen},
  booktitle={HT (Doctoral Consortium/Late-breaking Results/Workshops)},
  year={2014}
}

@book{tufte1983visual,
  title={The visual display of quantitative information},
  author={Tufte, Edward R and Graves-Morris, PR},
  volume={2},
  number={9},
  year={1983},
  publisher={Graphics press Cheshire, CT}
}